% Bibliography

% -----
% Books
% -----

@book{bertsekas,
  Author = {Bertsekas, D.P. and Tsitsiklis, J.J.},
  Title = {Introduction to Probability, 2nd Edition},
  Publisher = {Athena Scientific},
  Year = {2008}}

@book{carter,
  Author = {Carter, R.D. and Kiel, G.R. and Ridgway, K.R.},
  Title = {Criticality Handbook, Volumes I-IV},
  Publisher = {Atlantic Richfield Hanford Company},
  Year = {1968}}

@book{chollet,
  Author = {Chollet, F. and Allaire, J.J.},
  Title = {Deep Learning with R},
  Publisher = {Manning Publications Co.},
  Year = {2018}}

@book{d'agostino,
  Author = {D'Agostino, R.B. and Stephens, M.A.},
  Title = {Goodness-of-Fit Techniques},
  Publisher = {Marcel Dekker},
  Year = {1986}}

@book{darwiche,
  Author = {Darwiche, A.},
  Title = {Modeling and Reasoning with Bayesian Networks},
  Publisher = {Cambridge University Press},
  Year = {2010}}

@book{devore,
  Author = {Devore, J.L.},
  Title = {Probability and Statistics for Engineering and the Sciences, 9th Edition},
  Publisher = {Cengage},
  Year = {2016}}

@book{duderstadt,
  Author = {Duderstadt, J.J. and Hamilton, L.J.},
  Title = {Nuclear Reactor Analysis},
  Publisher = {John Wiley & Sons, Inc.},
  Year = {1976}}

@book{goodfellow,
  Author = {Goodfellow, I. and Bengio, Y. and Courville, A.},
  Title = {Deep Learning},
  Publisher = {Massachusetts Institute of Technology},
  Year = {2016}}

@book{hojsgaard,
  Author = {H{\o}jsgaard, S. and Edwards, D. and Lauritzen, S.L.},
  Title = {Graphical Models with R},
  Publisher = {Springer-Verlag},
  Year = {2012}}

@book{icsbep,
  Title = {International Criticality Safety Benchmark Evaluation Project Handbook},
  Publisher = {NEA-1486/16. Nuclear Energy Agency},
  Year = {2018}}

@book{knief,
  Author = {Knief, R.A.},
  Title = {Nuclear Criticality Safety},
  Publisher = {American Nuclear Society},
  Year = {2000}}

@book{koller,
  Author = {Koller, D. and Friedman, N.},
  Title = {Probabilistic Graphical Models},
  Publisher = {Massachusetts Institute of Technology},
  Year = {2009}}

@book{kuhn,
  Author = {Kuhn, M. and Johnson, K.},
  Title = {Applied Predictive Modeling},
  Publisher = {Springer},
  Year = {2013}}

@book{lamarsh,
  Author = {Lamarsh, J.F.},
  Title = {Introduction to Nuclear Engineering},
  Publisher = {Addison-Wesley Publishing Co.},
  Year = {1975}}

@book{lehmann,
  Author = {Lehmann, E.L. and Casella, G.},
  Title = {Theory of Point Estimation, 2nd Edition},
  Publisher = {Springer},
  Year = {1998}}

@book{lauritzen1996,
  Author = {Lauritzen, S.L.},
  Title = {Graphical Models},
  Publisher = {Oxford University Press},
  Year = {1996}} 

@book{mclaughlin,
  Author = {McLaughlin, T.P.},
  Title = {A Review of Criticality Accidents},
  Publisher = {LA-13638. Los Alamos National Laboratory},
  Year = {2000}}

@book{nagarajan,
  Author = {Nagarajan, R. and Scutari, M. and L\'ebre, S.},
  Title = {Bayesian Networks in R with Applications in Systems Biology},
  Publisher = {Springer},
  Year = {2013}}

@book{pearl,
  Author = {Pearl, J.},
  Title = {Probabilistic Reasoning in Intelligent Systems, 2nd Edition},
  Publisher = {Morgan Kaufamann Publishers, Inc.},
  Year = {1988}}

@book{roberts,
  Author = {Roberts, N.H.},
  Title = {Fault Tree Handbook},
  Publisher = {NUREG-0492. U.S. Nuclear Regulatory Commission},
  Year = {1981}}

@book{rothe,
  Author = {Rothe, R.E.},
  Title = {A Technical Useful History of the {Critical Mass Laboratory} at {Rocky Flats}},
  Publisher = {LA-UR-05-3247. Los Alamos National Laboratory},
  Year = {2000}}

@book{scholkopf,
  Author = {Sch\"olkopf, B. and Smola, A.J.},
  Title = {Learning with Kernels: Support Vector Machines, Optimization, and Beyond},
  Publisher = {MIT Press},
  Year = {2001}}

@book{scutari,
  Author = {Scutari, M. and Denis, J.},
  Title = {Bayesian Networks with Examples in R},
  Publisher = {Chapman \& Hall},
  Year = {2014}}

@book{stamatelatos,
  Author = {Stamatelatos, M. and Dezfuli, H.},
  Title = {Probabilistic Risk Assessment Procedures Guide for NASA Managers and Practitioners, 2nd Edition},
  Publisher = {NASA/SP-2011-3421. NASA},
  Year = {2011}}

@book{suykens,
  Author = {Suykens, J.A.K. and Van Gestel, T. and De Brabanter, J. and De Moor, B. and Vandewalle, J.},
  Title = {Least Squares Support Vector Machines},
  Publisher = {World Scientific},
  Year = {2002}}

@book{thomas1978,
  Author = {Thomas, J.T.},
  Title = {Nuclear Safety Guide TID-7016, Revision 2},
  Publisher = {Union Carbide Corporation},
  Year = {1978}}

% --------
% Articles
% --------

@article{ames,
  Author = {Ames, A.E. and Mattucci, N. and MacDonald, S. and Szonyi, G. and Hawkins, D.M.},
  Title = {Quality Loss Functions for Optimization Across Multiple Response Surfaces},
  Journal = {Journal of Quality Technology},
  Year = {2018}}

@article{anderson,
  Author = {Anderson, T.W. and Darling, D.A.},
  Title = {A Test of Goodness of Fit},
  Journal = {Journal of the American Statistical Association},
  Year = {1954}}

@article{au,
  Author = {Au, S. and Patelli, E.},
  Title = {Rare event simulation in finite-infinite dimensional space},
  Journal = {Reliability Engineering and System Safety},
  Year = {2016}}

@article{blatman,
  Author = {Blatman, G. and Sudret, B.},
  Title = {Adaptive sparse polynomial chaos expansion based on least angle regression},
  Journal = {Journal of Computational Physics},
  Year = {2011}}

@article{bobbio,
  Author = {Bobbio, A. and Portinale, L. and Minichino, M. and Ciancamerla, E.},
  Title = {Improving the analysis of dependable systems by mapping fault trees into {Bayesian} networks},
  Journal = {Reliability Engineering and System Safety},
  Year = {2001}}

@article{cadini2016,
  Author = {Cadini, F. and Gioletta, A.},
  Title = {A {Bayesian Monte Carlo}-based algorithm for the estimation of small failure probabilities},
  Journal = {Reliability Engineering and System Safety},
  Year = {2016}}

@article{cadini2015,
  Author = {Cadini, F. and Gioletta, A. and Zio, E.},
  Title = {Improved metamodel-based importance sampling for the performance assessment of radioactive waste repositories},
  Journal = {Reliability Engineering and System Safety},
  Year = {2015}}

@article{cepin,
  Author = {Čepin, M. and Mavko, B.},
  Title = {A dynamic fault tree},
  Journal = {Reliability Engineering and System Safety},
  Year = {2002}}

@article{chadwick2010,
  Author = {Chadwick, M.B.},
  Title = {Fission product yields from fission spectrum n+$^{239}${Pu for ENDF/B-VII.1}},
  Journal = {Nuclear Data Sheets},
  Year = {2011}}

@article{chadwick2011,
  Author = {Chadwick, M.B.},
  Title = {{ENDF/B-VII.1} nuclear data for science and technology: Cross sections, covariances, fission product yields, and decay data},
  Journal = {Nuclear Data Sheets},
  Year = {2011}}

@article{clark,
  Author = {Clark, H.K.},
  Title = {Subcritical Limits for Plutonium Systems},
  Journal = {Nuclear Science and Engineering},
  Year = {1981}}

@article{correa,
  Author = {Correa, M. and Bielza, C. and Pamies-Teixeira, J.},
  Title = {Comparison of {Bayesian} networks and artificial neural networks for quality detection in a machining process},
  Journal = {Expert Systems with Applications},
  Year = {2009}}

@article{cramer,
  Author = {Cram\'er, H.},
  Title = {On the Composition of Elementary Errors},
  Journal = {Scandinavian Actuarial Journal},
  Year = {1928}}

@article{crestaux,
  Author = {Crestaux, T. and Le Ma\^itre, O. and Martinez, J.M.},
  Title = {Polynomial chaos expansion for sensitivity analysis},
  Journal = {Reliability Engineering and System Safety},
  Year = {2009}}

@article{daubechies,
  Author = {Daubechies, I.},
  Title = {Nonlinear approximation and deep ReLU networks},
  Journal = {arXiv: 1905.02199v1},
  Year = {2019}}

@article{dubourg,
  Author = {Dubourg, V. and Sudret, B. and Deheeger, F.},
  Title = {Metamodel-based importance sampling for structural reliability analysis},
  Journal = {Reliability Engineering and System Safety},
  Year = {2013}}

@article{ejlali,
  Author = {Ejlali, A. and Miremadi, S.G.},
  Title = {FGPA-based {Monte Carlo} simulation for fault tree analysis},
  Journal = {Microelectronics Reliability},
  Year = {2004}}

@article{fussell,
  Author = {Fussell, J.B.},
  Title = {A Review of Fault Tree Analysis with Emphasis on Limitations},
  Institution = {Aerojet Nuclear Company},
  Year = {1975}}

@article{gordon-hagerty,
  Author = {Gordon-Hagerty, L.E.},
  Title = {Preliminary Notice of Violation, Consolidated Nuclear Security, LLC},
  Institution = {U.S. Department of Energy, National Nuclear Security Administration},
  Year = {2020}}

@article{hahn,
  Author = {Hahn, O. and Strassman, F.W.},
  Title = {Über die Entstehung von Radiumisotopen aus Urandurch Bestrahlen mit schnellen und verlangsamten Neu-tronen (About the formation of radium isotopes from uranium by irradiation with fast and slow neutrons)},
  Journal = {The Science of Nature},
  Year = {1938}}

@article{hartley,
  Author = {Hartley, H.O.},
  Title = {Smalled Composite Designs for Quadratic Response Functions},
  Journal = {Biometrics},
  Year = {1959}}

@article{hinton,
  Author = {Hinton, G.E. and Salakhutdinov, R.},
  Title = {Reducing the dimensionality of data with neural networks},
  Journal = {Science},
  Year = {2006}}

@article{jiang,
  Author = {Jiang, C. and Qiu, H. and Yang, Z. and Chen, L. and Gao, L. and Peigen, L.},
  Title = {A general failure-pursuing sampling framework for surrogate-based reliability analysis},
  Journal = {Reliability Engineering and System Safety},
  Year = {2019}}

@article{kermisch,
  Author = {Kermisch, C. and Labeau, P.E.},
  Title = {Communicating about nuclear events: Some suggestions to improve INES},
  Journal = {Reliability Engineering and System Safety},
  Year = {2013}}

@article{khakzad,
  Author = {Khakzad, N. and Khan, F. and Amyotte, P.},
  Title = {Safety analysis in process facilities: Comparison of fault tree and {Bayesian} network approaches},
  Journal = {Reliability Engineering and System Safety},
  Year = {2011}}

@article{lambert,
  Author = {Lambert, H.E. and Ma, C.W.},
  Title = {{Nuclear Criticality Fault Tree Analysis Report for Building 332, HC/AB-2001-499}},
  Journal = {Lawrence Livermore National Laboratory},
  Year = {2001}}

@article{lauritzen1988,
  Author = {Lauritzen, S.L. and Spiegelhalter D.},
  Title = {Local Computations with Probabilities on Graphical Structures and their Application to Expert Systems},
  Journal = {Journal of the Royal Statistical Society},
  Year = {1988}}

@article{lin,
  Author = {Lin, H.W. and Tegmark, M. and Rolnick, D.},
  Title = {Why does deep and cheap learning work so well?},
  Journal = {Journal of Statistical Physics},
  Year = {2017}}

@article{lippman,
  Author = {Lippman, T.W.},
  Title = {{Rockwell} Accepts \$18.5 Million Fine},
  Journal = {The Washington Post},
  Month = {March},
  Day = {27},
  Year = {1992}}

@article{liaw,
  Author = {Liaw, A. and Wiener, M.},
  Title = {Classification and Regression by randomForest},
  Journal = {Northwestern University},
  Year = {2002}}

@article{liu,
  Author = {Liu, Z. and Lesselier, D. and Sudret, B. and Wiart, J.},
  Title = {Surrogate modeling based on resampled polynomial chaos expansions},
  Journal = {Reliability Engineering and System Safety},
  Year = {2020}}

@article{lockhart,
  Author = {Lockhart, F.R.},
  Title = {{Rocky Flats} Closure Legacy Report},
  Institution = {U.S. Department of Energy},
  Year = {2018}}

@article{mackall,
  Author = {Mackall, D. and Nelson, S. and Schumann, J.},
  Title = {Verification and Validation of Neural Networks for Aerospace Systems, {NASA/CR-2002-211409}},
  Institution = {NASA},
  Year = {2002}}

@article{massey,
  Author = {Massey, F.J.},
  Title = {The {Kolmogorov-Smirnov} Test for Goodness of Fit},
  Journal = {Journal of the American Statistical Association},
  Year = {1951}}

@article{mattson,
  Author = {Mattson, R.J.},
  Title = {An Assessment of Criticality Safety at the {Rocky Flats Plant}},
  Journal = {DOE/EH/789081. U.S. Department of Energy},
  Year = {1989}}

@article{meitner,
  Author = {Meitner, L. and Frisch, O.R.},
  Title = {Disintegration of Uranium by Neutrons: A New Type of Nuclear Reaction},
  Journal = {Nature},
  Year = {1939}}

@article{oladyshkin,
  Author = {Oladyshkin, S. and Nowak, W.},
  Title = {Data-driven uncertainty quantification using the arbitrary polynomial chaos expansion},
  Journal = {Reliability Engineering and System Safety},
  Year = {2012}}

@article{papadrakakis,
  Author = {Papadrakakis, M. and Lagaros, N.D.},
  Title = {Reliability-based structural optimization using neural networks and Monte Carlo simulation},
  Journal = {Computer Methods in Applied Mechanics and Engineering},
  Year = {2002}}

@article{quinonero,
  Author = {Qui\~nonero-Candela, J. and Rasmussen, C.E.},
  Title = {A Unifying View of Sparse Approximate Gaussian Process Regression},
  Journal = {Journal of Machine Learning Research},
  Year = {2005}}

@article{raissi,
  Author = {Raissi, M. and Perdikaris, P. and Karniadakis, G.E.},
  Title = {Physics-informed neural networks: A deep learning framework for solving forward and inverse problems involving nonlinear partial differential equations},
  Journal = {Journal of Computational Physics},
  Year = {2019}}

@article{rao,
  Author = {Durga Rao, K. and Gopika, V. and Sanyasi Rao, V.V.S. and Kushwaha, H.S. and Verma, A.K. and Srividya, A.},
  Title = {Dynamic fault tree analysis using {Monte Carlo} simulation in probabilistic safety assessment},
  Journal = {Reliability Engineering and System Safety},
  Year = {2008}}

@article{reay,
  Author = {Reay, K.A. and Andrews, J.D.},
  Title = {A fault tree analysis strategy using binary decision diagrams},
  Journal = {Reliability Engineering and System Safety},
  Year = {2002}}

@article{remenyte,
  Author = {Remenyte-Prescott, R. and Andrew, J.D.},
  Title = {An enhanced component connection method for conversion of fault trees to binary decision diagrams},
  Journal = {Reliability Engineering and System Safety},
  Year = {2008}}

@article{ruijters,
  Author = {Ruijters, E. and Reijsbergen, D. and deBoer, P.T. and Stoelinga, M.},
  Title = {Rare event simulation for dynamic fault trees},
  Journal = {Reliability Engineering and System Safety},
  Year = {2019}}

@article{tien,
  Author = {Tien, I. and Der Kiureghian, A.},
  Title = {Algorithms for {Bayesian} network modeling and reliability assessment of infrastructure systems},
  Journal = {Reliability Engineering and System Safety},
  Year = {2016}}

@article{urbatsch,
  Author = {Urbatsch, T.J. and Forster, R.A. and Prael, R.E. and Beckman, R.J.},
  Title = {Estimation and interpretation of $k_{eff}$ confidence intervals in {MCNP}},
  Journal = {Nuclear Technology},
  Year = {1995}}

@article{zhang,
  Author = {Zhang, R. and Liu, Y. and Sun, H.},
  Title = {Physics-informed multi-{LSTM} networks for metamodeling of nonlinear structures},
  Journal = {Computer Methods in Applied Mechanics and Engineering},
  Year = {2020}}

% --------
% Software
% --------

@article{bnlearn,
  Author = {Scutari, M.},
  Title = {{Learning Bayesian Networks with the bnlearn R Package}},
  Journal = {Journal of Statistical Software},
  Year = {2010}}

@article{caret,
  Author = {Kuhn, M.},
  Title = {{Building Predictive Models in R Using the caret Package}},
  Journal = {Journal of Statistical Software},
  Year = {2008}}

@article{fitdistrplus,
  Author = {Delignette-Muller, M.L. and Dutang, C.},
  Title = {{fitdistrplus: An R Package for Fitting Distributions}},
  Journal = {Journal of Statistical Software},
  Year = {2015}}

@Book{ggplot2,
  author = {Wickham, H.},
  title = {ggplot2: Elegant Graphics for Data Analysis},
  publisher = {Springer-Verlag New York},
  year = {2016},
  isbn = {978-3-319-24277-4},
  url = {https://ggplot2.tidyverse.org}}

@article{grain,
  Author = {H{\o}jsgaard, S.},
  Title = {{Graphical Independence Networks with the gRain package for R}},
  Journal = {Journal of Statistical Software},
  Year = {2012}}

@article{igraph,
  Author = {Csardi, G. and Nepusz, T.},
  Title = {The igraph software package for complex network research},
  Journal = {InterJournal},
  Year = {2006}}

@online{keras,
  Author = {Chollet, F.},
  Title = {Keras},
  URL = {https://keras.io},
  Year = {2020}}

@book{mcnp,
  Title = {MCNP User's Manual, Code Version 6.2},
  Publisher = {LA-UR-17-29981. Los Alamos National Laboratory},
  Year = {2017}}

@article{tensorflow,
  Author = {Abadi, M.},
  Title = {TensorFlow: Large-Scale Machine Learning on Heterogeneous Distributed Systems},
  Journal = {arXiv: 1603.04467v2},
  Year = {2016}}

% ----------------------
% Conference Proceedings
% ----------------------

@conference{bennett,
  Author = {Bennett, K.P. and Demiriz, A.},
  Title = {Semi-Supervised Support Vector Machines},
  Journal = {Neural Information Processing Systems},
  Year = {1999}}

@conference{geeting,
  Author = {Geeting, M.W. and Gerrard, P.B.},
  Title = {Criticality frequency determination using a human error-based fault tree},
  Conference = {American Nuclear Society Winter Meeting},
  Year = {1994}}

@conference{kingma,
  Author = {Kingma, D.P. and Ba, J.},
  Title = {{Adam: A Method for Stochastic Optimization}},
  Conference = {International Conference for Learning Representations},
  Year = {2011},
  Website = {https://arxiv.org/abs/1412.6980}}

@conference{lepar,
  Author = {Lepar, V. and Shenoy, P.P.},
  Title = {A Comparison of Lauritzen-Spiegelhalter, Hugin, and Shenoy-Shafer Architectures for Compting Marginals of Probability Distributions},
  Conference = {Proceedings of the 14th Conference on Uncertainty in Artificial Intelligence},
  Year = {1998}}

@conference{morfitt,
  Author = {Morfitt, J.W.},
  Title = {Application of fault tree analysis to nuclear criticality safety},
  Conference = {American Nuclear Society Winter Meeting},
  Year = {1977}}

@conference{nair,
  Author = {Nair, V. and Hinton, G.E.},
  Title = {Rectified linear units improve restricted {Boltzmann} machines},
  Conference = {International Conference on Machine Learning},
  Year = {2010}}

@conference{paszke,
  Author = {Paszke, A. and Gross, S. and Chintala, S.},
  Title = {Automatic differentiation in {PyTorch}},
  Conference = {Annual Conference on Neural Information Processing Systems},
  Year = {2017}}

@conference{sinnamon,
  Author = {Sinnamon, R.M. and Andrews, J.D.},
  Title = {Fault tree analysis and binary decision diagrams},
  Conference = {Proceedings of 1996 Annual Reliability and Maintainability Symposium},
  Year = {1996}}

@conference{smola,
  Author = {Smola, A.J. and Bartlett, P.},
  Title = {Sparse Greedy Gaussian Process Regression},
  Journal = {Neural Information Processing Systems},
  Year = {2001}}

% -----------------
% Technical Reports
% -----------------

@techreport{dod,
  Title = {{Nuclear Posture Review}},
  Institution = {U.S. Department of Defense},
  Year = {2018}}

@techreport{doe2018,
  Title = {{Hazard Categorization of DOE Nuclear Facilities, DOE-STD-1027-2018}},
  Institution = {U.S. Department of Energy},
  Year = {2018}}

@techreport{doe2017,
  Title = {{Preparing Criticality Safety Evaluations at U.S. Department of Energy Nonreactor Nuclear Facilities, DOE-STD-3007-2017}},
  Institution = {U.S. Department of Energy},
  Year = {2017}}

@techreport{doe2013,
  Title = {{Development of Probabilistic Risk Assessments for Nuclear Safety Applications, DOE-STD-1628-2013}},
  Institution = {U.S. Department of Energy},
  Year = {2016}}

@techreport{doe2008,
  Title = {{Final Complex Transformation Supplemental Programmatic Environmental Impact Statement, DOE/EIS-0236-S4}},
  Institution = {U.S. Department of Energy, National Nuclear Security Administration},
  Year = {2013}}

@techreport{doe2005,
  Title = {{Final Site-wide Environmental Impact Statement for Continued Operation of Lawrence Livermore National Laboratory and Supplemental Stockpile Stewardship and Management Environmental Impact Statement, DOE/EIS-0348}},
  Institution = {U.S. Department of Energy, National Nuclear Security Administration},
  Year = {2005}}

@techreport{opus,
  Title = {{National Security Strategy of the United States of America}},
  Institution = {Office of the President of the United States},
  Year = {2017}}

@techreport{alvarez,
  Author = {Alvarez, R.},
  Title = {Y-12: Poster child for a dysfunctional nuclear weapons complex},
  Institution = {Bulletin of the Atomic Scientists},
  Month = {August},
  Day = {24},
  Year = {2014}}

@techreport{berendzen,
  Author = {Berendzen, S. and Rundle, D.},
  Title = {{U.S. Fish and Wildlife Service} Establishes {Rocky Flats National Wildlife Refuge}},
  Institution = {U.S. Fish and Wildlife Service},
  Year = {2007}}

@techreport{connery,
  Author = {Connery, J.L.},
  Title = {Savannah River Site Nuclear Criticality Safety Program},
  Institution = {Defense Nuclear Facilities Safety Board},
  Month = {April},
  Day = {21},
  Year = {2016}}

@techreport{hamilton2018,
  Author = {Hamilton, B.},
  Title = {{Los Alamos National Laboratory Nuclear Criticality Safety Program}},
  Institution = {Defense Nuclear Facilities Safety Board},
  Month = {November},
  Day = {28},
  Year = {2018}}

@techreport{hamilton2019,
  Author = {Hamilton, B.},
  Title = {{Y-12 Nuclear Criticality Safety Program}},
  Institution = {Defense Nuclear Facilities Safety Board},
  Month = {July},
  Day = {25},
  Year = {2019}}

@techreport{mccarthy,
  Author = {McCarthy, A. and Kupferer, D.},
  Title = {Uranium Accumulation Discoveries at Y-12},
  Institution = {Y-12 National Security Complex},
  Month = {August},
  Day = {15},
  Year = {2018}}

@techreport{mckamy,
  Author = {McKamy, J.N.},
  Title = {Lessons Learned from the {Rocky Flats Building 771} Near Miss Criticality Accident},
  Institution = {U.S. Department of Energy, National Nuclear Security Administration},
  Year = {2014}}

@techreport{nnsa,
  Title = {{Annual Report on U.S. Department of Energy Nuclear Criticality Safety Programs}},
  Institution = {U.S. Department of Energy, National Nuclear Security Administration},
  Year = {2010-2018}}

@techreport{riley,
  Author = {Riley, D.C.},
  Title = {Overview of the Deinventory Effort at {Lawrence Livermore National Laboratory}, {LLNL-CONF-638972}},
  Institution = {Lawrence Livermore National Laboratory},
  Year = {2013}}

@techreport{smith,
  Author = {Smith, R.J. and Malone, P.},
  Title = {Safety problems at {Los Alamos National Laboratory} delay {U.S.} nuclear warhead testing and production},
  Institution = {The Center for Public Integrity},
  Month = {June},
  Day = {20},
  Year = {2017}}

@techreport{thomas2008,
  Author = {Thomas, D.B. and Luk, W.},
  Title = {Estimation of Sample Mean and Variance for {Monte Carlo} Simulations},
  Institution = {Imperial College London},
  Year = {2008}}

% --------
% Websites
% --------

@online{ines,
  Title = {International Nuclear and Radiological Event Scale (INES)},
  URL = {https://gnssn.iaea.org/regnet/pages/ines.aspx},
  Year = {2020}}

% ----
% Misc
% ----

@misc{tensorflow2015,
title={{TensorFlow}: Large-Scale Machine Learning on Heterogeneous Systems},
url={https://www.tensorflow.org/},
note={Software available from tensorflow.org},
author={
    Mart\'{\i}n~Abadi and
    Ashish~Agarwal and
    Paul~Barham and
    Eugene~Brevdo and
    Zhifeng~Chen and
    Craig~Citro and
    Greg~S.~Corrado and
    Andy~Davis and
    Jeffrey~Dean and
    Matthieu~Devin and
    Sanjay~Ghemawat and
    Ian~Goodfellow and
    Andrew~Harp and
    Geoffrey~Irving and
    Michael~Isard and
    Yangqing Jia and
    Rafal~Jozefowicz and
    Lukasz~Kaiser and
    Manjunath~Kudlur and
    Josh~Levenberg and
    Dandelion~Man\'{e} and
    Rajat~Monga and
    Sherry~Moore and
    Derek~Murray and
    Chris~Olah and
    Mike~Schuster and
    Jonathon~Shlens and
    Benoit~Steiner and
    Ilya~Sutskever and
    Kunal~Talwar and
    Paul~Tucker and
    Vincent~Vanhoucke and
    Vijay~Vasudevan and
    Fernanda~Vi\'{e}gas and
    Oriol~Vinyals and
    Pete~Warden and
    Martin~Wattenberg and
    Martin~Wicke and
    Yuan~Yu and
    Xiaoqiang~Zheng},
  year={2015},
}
